@STRING{mnras = "MNRAS"}
@STRING{apj = "ApJ"}
@STRING{aap = "A\&A"}
@STRING{aaps = "Astronomy \& Astrophysics"}
@STRING{apjl = "The Astrophysical Journal"}
@STRING{aj = "The Astronomical Journal"}
@STRING{apjs = "The Astrophysical Journal Supplement Series"}
@STRING{pasj = "Proceedings of the Astronomical Society of Japan"}
@STRING{pasp = "Proceedings of the Astronomical Society of the Pacific"}
@STRING{nat = "Nature"}
@STRING{pnas = "Proceedings of the National Academy of Sciences of the United States of America"}
@STRING{araa = "Annual Reviews in Astronomy \& Astrophysics"}
@STRING{nar = "New Astronomy Review"}
@STRING{gca = "Geochimica et Cosmochimica Acta"}

@ARTICLE{Abell_1958,
   author = {{Abell}, G.~O.},
    title = "{The Distribution of Rich Clusters of Galaxies.}",
  journal = apjs,
     year = 1958,
    month = may,
   volume = 3,
    pages = {211-+},
   adsurl = {http://adsabs.harvard.edu/cgi-bin/nph-bib_query?bibcode=1958ApJS....3..211A&db_key=AST},
  adsnote = {Provided by the Smithsonian/NASA Astrophysics Data System}
}
